<record><leader>00000cas a22000007a 4500</leader><controlfield tag="001">13461158</controlfield><controlfield tag="008">860421d18911906wiuwr ne      0    0ger d</controlfield><datafield ind1=" " ind2=" " tag="010"><subfield code="a">sn 86086183 </subfield></datafield><datafield ind1=" " ind2=" " tag="040"><subfield code="a">NPV</subfield><subfield code="b">eng</subfield><subfield code="c">NPV</subfield><subfield code="d">OCLCQ</subfield></datafield><datafield ind1=" " ind2=" " tag="042"><subfield code="a">msc</subfield></datafield><datafield ind1=" " ind2=" " tag="045"><subfield code="a">w9x0</subfield></datafield><datafield ind1=" " ind2=" " tag="052"><subfield code="a">4123</subfield><subfield code="b">L2</subfield></datafield><datafield ind1="0" ind2="0" tag="245"><subfield code="a">Nord stern bla&#776;tter.</subfield></datafield><datafield ind1="1" ind2="3" tag="246"><subfield code="a">Nord stern</subfield></datafield><datafield ind1=" " ind2=" " tag="260"><subfield code="a">La Crosse, Wis. :</subfield><subfield code="b">A. Candrian,</subfield><subfield code="c">1891-1906.</subfield></datafield><datafield ind1=" " ind2=" " tag="300"><subfield code="a">v.</subfield></datafield><datafield ind1=" " ind2=" " tag="310"><subfield code="a">Weekly</subfield></datafield><datafield ind1="0" ind2=" " tag="362"><subfield code="a">Jahrg. 1, no. 1 (10 March, 1891)-jahrg. 16, nr. 33 (16 Oct., 1906).</subfield></datafield><datafield ind1=" " ind2=" " tag="500"><subfield code="a">&quot;Belletristiche fu&#776;r den ha&#776;uslichen kreis.&quot;</subfield></datafield><datafield ind1=" " ind2=" " tag="530"><subfield code="a">Available on microfilm from The State Historical Society of Wisconsin.</subfield></datafield><datafield ind1=" " ind2=" " tag="752"><subfield code="a">United States</subfield><subfield code="b">Wisconsin</subfield><subfield code="c">La Crosse</subfield><subfield code="d">La Crosse.</subfield></datafield><datafield ind1="0" ind2="0" tag="785"><subfield code="t">Nordstern bla&#776;tter</subfield><subfield code="w">(DLC)sn 86086184</subfield></datafield></record>